<?xml version="1.0" encoding="UTF-8"?><collection xmlns="http://www.loc.gov/MARC21/slim"><record><leader>00531nam--2200193-i-4500</leader><controlfield tag="001">000012391</controlfield><controlfield tag="002">20161230</controlfield><controlfield tag="005">20161230201029</controlfield><controlfield tag="008">060222s1000------------r-----000-0-rum-d</controlfield><datafield ind1=" " ind2=" " tag="040"><subfield code="a">IFIN-HH</subfield></datafield><datafield ind1=" " ind2=" " tag="041"><subfield code="a">rum</subfield></datafield><datafield ind1=" " ind2=" " tag="080"><subfield code="a">519.8(075.8)</subfield></datafield><datafield ind1="1" ind2=" " tag="100"><subfield code="a">Ciucu, G</subfield></datafield><datafield ind1="1" ind2="0" tag="245"><subfield code="a">Statistica matematica si cercetari operationale</subfield><subfield code="c">G. ciucu, v. craiu, a. stefanescu</subfield></datafield><datafield ind1=" " ind2=" " tag="260"><subfield code="a">Bucuresti</subfield><subfield code="b">Editura Didactica Si Pedagogica</subfield><subfield code="c">1978</subfield></datafield><datafield ind1=" " ind2=" " tag="300"><subfield code="a">306 P</subfield></datafield><datafield ind1="1" ind2=" " tag="700"><subfield code="a">Stefanescu, A</subfield></datafield><datafield ind1=" " ind2=" " tag="852"><subfield code="a">45460</subfield><subfield code="c">519.24</subfield></datafield><datafield ind1=" " ind2=" " tag="CAT"><subfield code="a">Sys</subfield><subfield code="c">20130805</subfield><subfield code="h">142112</subfield></datafield></record></collection>